@BOOK{Neal:1996bnn,
	title = {{B}ayesian Learning for {N}eural Networks},
	publisher = {Springer},
	author = {Neal, R.~M.},
	year = {1996}
}


@article{Salvatier:2016,
  author = {John Salvatier and Thomas V. Wiecki and Christopher Fonnesbeck},
  title = {Probabilistic programming in Python using {PyMC}3},
  journal = {{PeerJ} Computer Science},
  year  = {2016},
  volume = {2},
  pages = {e55},
  doi = {10.7717/peerj-cs.55},
  url = {https://doi.org/10.7717/peerj-cs.55}
}

@article{Bailey:06,
	author = {Bailey, S.~W. and Werdell, P.~J.},
	title = {{A} multi-sensor approach for the on-orbit validation of ocean color statellite data products},
	journal = {Remote Sensing of Environment},
	year = {2006},
	volume = {102},
	number = {1-2},
	pages = {12-23},
	doi = {10.1016/j.rse.2006.01.015},
	url = {https://doi.org/10.1016/j.rse.2006.01.015}
}

@article{Vehtari:2017b,
	author = {Piironen, J. and Vehtari, A.},
	title = {{S}parsity information and regularization in the horseshoe and other shrinkage priors},
	journal = {Electronic Journal of Statistics},
	year = {2017},
	volume = {11},
	pages = {5018-5051},
	doi = {10.1214/17-EJS1337SI},
	url = {https://doi.org/10.1214/17-EJS1337SI}
}